@book{Bishop2006,
 author = {Bishop, C. M.},
 year = {2006},
 title = {Pattern recognition and machine learning},
 address = {New York},
 publisher = {Springer}
}

@book{Applebaum2008,
author = {Applebaum, David},
isbn = {9780521899048},
pages = {250},
publisher = {Cambridge University Press},
title = {{Probability and Information: An Integrated Approach}},
url = {http://books.google.de/books/about/Probability\_and\_Information.html?id=szYZEd6-NvEC\&redir\_esc=y},
year = {2008}
}

@article{Molgedey1994,
  title = {Separation of a mixture of independent signals using time delayed correlations},
  author = {Molgedey, L. and Schuster, H. G.},
  journal = {Phys. Rev. Lett.},
  volume = {72},
  issue = {23},
  pages = {3634--3637},
  year = {1994},
  month = {Jun},
  doi = {10.1103/PhysRevLett.72.3634},
  url = {http://link.aps.org/doi/10.1103/PhysRevLett.72.3634},
  publisher = {American Physical Society}
}

@ARTICLE{Tong1991, 
author={Tong, L. and Liu, R.-W. and Soon, V.C. and Huang, Y.-F.}, 
journal={Circuits and Systems, IEEE Transactions on}, title={Indeterminacy and identifiability of blind identification}, 
year={1991}, 
month={may}, 
volume={38}, 
number={5}, 
pages={499 -509}, 
keywords={Circuit testing;Degradation;Electromyography;Semiconductor device noise;Sensor arrays;Sensor phenomena and characterization;Signal processing;Signal processing algorithms;Skin;Working environment noise;identification;indeterminancy;signal processing;speech analysis and processing;speech recognition;AMUSE algorithms;EFOBI;FOBI algorithm;blind identification;fourth order type;identifiability;indeterminacy;source signals;speech extraction;}, 
doi={10.1109/31.76486}, 
ISSN={0098-4094},}
